00546cas a22002171a 4500
001 9917737833502836
003 Nz
005 20161223172954.0
008 040107d19061909nz  r ne      0   0 eng d
035    $a (OCoLC)271607131
035    $a (Nz)8169308
035    $a (NLNZils)1773783-ilsdb
040    $a WN $c WN
042    $a nznb
043    $a u-nz---
245 00 $a Napredak (progress).
260    $a Auckland [N.Z.]
310    $a Fortnightly
362 0  $a 1906 Dec.1-1909?
651  0 $a Auckland (N.Z.) $v Newspapers.
655  7 $a New Zealand newspapers. $2 local $5 Nz
